 Cf. http://nwalsh.com/tex/texhelp/bibtx-7.html
% 
% article:
%     
%     Required: author, title, journal, year
%     
%     Optional: volume, number, pages, month, note, key
% 
% inproceedings:
%     
%     Required: author, title, booktitle, year
%     Optional: editor, pages, organization, publisher, address, month, note, ke
y
%     
% techreport:
%     
%     Required: author, title, institution, year
%     
%     Optional: type, number, address, month, note, key
%     
% misc:  [Use this one for URLs.]
%     
%     Required: <none>

%     
%     Optional: author, title, howpublished, month, year, note, key
% 
@article{ articleKeyword,
   author         = {},
   title          = {},
   journal        = {},
   year           = {},  
   volume         = {},
   number         = {},
   pages          = {},
   month          = {},
   note           = {},
   key            = {}
}

@inproceedings{ inproceedingsKeyword,
   author         = {},
   title          = {},
   booktitle      = {},
   year           = {},
   editor         = {},
   pages          = {},
   organization   = {},
   publisher      = {},
   address        = {},
   month          = {},
   note           = {},
   key            = {}
}

@techreport{ techreportKeyword,
   author         = {},
   title          = {},
   institution    = {},
   year           = {},
   
   type           = {},
   number         = {},
   address        = {},
   month          = {},
   note           = {},
   key            = {}
}

@misc{ miscKeyword,

   author         = {},
   title          = {},
   howpublished   = {},
   month          = {},
   year           = {},
   note           = {},
   key            = {}
}



@book{kipling2010just,
  title={Just so stories},
  author={Kipling, Rudyard},
  year={2010},
  publisher={Penguin}
}

@book{willems2007there,
  title={There is a Bird on Your Head!},
  author={Willems, Mo},
  year={2007},
  publisher={Hyperion Books for Children}
}
